% GB7714-87
% 书或专著   :	   [序号] 作者.书名 [M].版本(第1版不标注).出版地：出版者，出版年．引文所在的起始或起止页码． 
% 期刊(连续出版物)  [序号] 著者.题(篇)名[j].刊名，出版年，卷号(期号)：引文所在的起始或起止页码．
% 会议录、论文集、论文汇编中的析出文献 : 
%				［序号］析出文献著者.题(篇)名[Ａ].见(英文用In)：原文献著者.论文集名[Ｃ].出版地：出版者，出版年.引文所在起始或起止页码． 
%［1］张玉心.重载货车高摩擦系数合成闸瓦的研制和应用[Ａ].见：中国铁道学会编译.国际重载运输协会制动专题讨论会论文集[Ｃ].北京：中国铁道学会，1988.242． 

［2］Hunninghaks G W,Gadek J B,Szapiel S V ,et al.The human alveolar macrophage[Ａ].In:Harris C C ed.Cultured human cells and issues in biomedical research[Ｃ].New York:Academic Press,1980.54-56．
% 学位论文：序号］著者.题(篇)名[Ｄ].保存地点：保存单位，年份.引文所在起始或起止页码．
% 专利文献 ［序号］专利所有者.题名[Ｐ].专利国别：专利号，出版日期． 
%技术标准［序号］标准编号(标准顺序号-发布年)，标准名称[Ｓ]. 
%报纸 ［序号］主要责任者.文献题名[Ｎ].报纸名，年-月-日(版次)． 
%科学技术报告［序号］著者.报告题名[Ｒ].出版地：出版者，出版年．页码． 
%电子文献 ［序号］主要责任者.电子文献题名[电子文献及载体类型标识].电子文献的出处或可获得地址,发表或更新日期/引用日期(任选). 
% 数据库（db）,程序（cp），电子公告（eb）,磁带（mt），磁盘（dk）,光盘（cd）,联机网络（ol）
%其他未定义类型的文献 ［序号］主要责任者.文献题名［Z］.出版地:出版者,出版年.
@article{test-en,
	author = {Author},
	title = {Title},
	type = {J},
	journal = {Journal},
	date = {2014-04-01},
	language = {english},
}

@article{test-zh,
	author = {作者},
	title = {标题},
	type = {J},
	journal = {期刊},
	date = {2014-04-01},
	language = {chinese},
}

% vim:ts=4:sw=4
